%% This BibTeX bibliography file was created using BibDesk.
%% http://bibdesk.sourceforge.net/


%% Created for Thomas Rehm at 2015-07-19 21:20:41 +0200 


%% Saved with string encoding Unicode (UTF-8) 



@book{chacon2014pro,
	Address = {Berkeley, CA New York, NY},
	Author = {Chacon, Scott},
	Date-Added = {2015-07-19 19:12:39 +0000},
	Date-Modified = {2015-07-19 19:12:39 +0000},
	Isbn = {978-1484200773},
	Publisher = {Apress,Distributed to the book trade worldwide by Spring Science+Business Media},
	Title = {Pro Git},
	Year = {2014}}

@book{rey2009e-learning,
	Address = {Bern},
	Author = {Rey, G{\"u}nter},
	Date-Added = {2015-07-17 13:29:58 +0000},
	Date-Modified = {2015-07-17 13:29:58 +0000},
	Isbn = {978-3456847436},
	Publisher = {Huber},
	Title = {E-Learning Theorien, Gestaltungsempfehlungen und Forschung},
	Year = {2009}}
